@InProceedings{BartheSecure,
    author      = {Barthe, Gilles and Grégoire, Benjamin and Laporte, Vincent},
    booktitle   = {2018 IEEE 31st Computer Security Foundations Symposium
                    (CSF)},
    title       = {Secure Compilation of Side-Channel Countermeasures: The
                    Case of Cryptographic “Constant-Time”}, 
    year        = {2018},
    volume      = {},
    number      = {},
    pages       = {328-343},
    doi         = {10.1109/CSF.2018.00031}
}

@Book{MarioQIF,
    title       = {The Science of Quantitative Information Flow},
    author      = {Alvim, M{\'a}rio S and Chatzikokolakis, Konstantinos and
                    McIver, Annabelle and Morgan, Carroll and Palamidessi,
                    Catuscia and Smith, Geoffrey},
    year        = {2020},
    publisher   = {Springer}
}